@article{neal2011mcmc,
  title={MCMC using Hamiltonian dynamics},
  author={Neal, Radford M and others},
  journal={Handbook of markov chain monte carlo},
  volume={2},
  number={11},
  pages={2},
  year={2011}
}

@article{hoffman2014no,
  title={The No-U-Turn sampler: adaptively setting path lengths in Hamiltonian Monte Carlo.},
  author={Hoffman, Matthew D and Gelman, Andrew and others},
  journal={J. Mach. Learn. Res.},
  volume={15},
  number={1},
  pages={1593--1623},
  year={2014}
}

@article{landau2016flortaucipir,
  title={Flortaucipir (AV-1451) processing methods},
  author={Landau, Susan and Jagust, W},
  journal={Alzheimer’s Disease Neuroimaging Initiative},
  url={https://adni.bitbucket.io/reference/docs/UCBERKELEYAV1451/UCBERKELEY_AV1451_Methods_Dec2019.pdf},
  urldate={2022-11-21}
}

@article{landau2016florbetapir,
  title={Florbetapir (AV-45) processing methods},
  author={Landau, Susan and Murphy, Alice and Ward, Tyler and Jagust, W},
  journal={Alzheimer’s Disease Neuroimaging Initiative},
  url={https://adni.bitbucket.io/reference/docs/UCBERKELEYAV45/UCBERKELEY_AV45_Methods_01.14.21.pdf},
  urldate={2022-11-21}
}

@article{rackauckas2017differentialequations,
  title={Differentialequations. jl--a performant and feature-rich ecosystem for solving differential equations in julia},
  author={Rackauckas, Christopher and Nie, Qing},
  journal={Journal of Open Research Software},
  volume={5},
  number={1},
  year={2017},
  publisher={Ubiquity Press}
}

@article{DanischKrumbiegel2021,
  doi = {10.21105/joss.03349},
  url = {https://doi.org/10.21105/joss.03349},
  year = {2021},
  publisher = {The Open Journal},
  volume = {6},
  number = {65},
  pages = {3349},
  author = {Simon Danisch and Julius Krumbiegel},
  title = {Makie.jl: Flexible high-performance data visualization for Julia},
  journal = {Journal of Open Source Software}
}

@article{tarek2020dynamicppl,
  title={DynamicPPL: Stan-like Speed for Dynamic Probabilistic Models},
  author={Tarek, Mohamed and Xu, Kai and Trapp, Martin and Ge, Hong and Ghahramani, Zoubin},
  journal={arXiv preprint arXiv:2002.02702},
  year={2020}
}

@article{fairbanks2021juliagraphs,
  title={JuliaGraphs/Graphs. jl: An Optimized Graphs Package for the Julia Programming Language},
  author={Fairbanks, James and Besan{\c{c}}on, M and Sch{\"o}lly, S and Hoffiman, J and Eubank, N and Karpinski, S},
  journal={URL: https://github. com/JuliaGraphs/Graphs. jl},
  year={2021}
}

@article{bezanson2012julia,
  title={Julia: A fast dynamic language for technical computing},
  author={Bezanson, Jeff and Karpinski, Stefan and Shah, Viral B and Edelman, Alan},
  journal={arXiv preprint arXiv:1209.5145},
  year={2012}
}

@article{torok2018method,
  title={A method for inferring regional origins of neurodegeneration},
  author={Torok, Justin and Maia, Pedro D and Powell, Fon and Pandya, Sneha and Raj, Ashish},
  journal={Brain},
  volume={141},
  number={3},
  pages={863--876},
  year={2018},
  publisher={Oxford University Press}
}

@article{rasmussen2018glymphatic,
  title={The glymphatic pathway in neurological disorders},
  author={Rasmussen, Martin Kaag and Mestre, Humberto and Nedergaard, Maiken},
  journal={The Lancet Neurology},
  volume={17},
  number={11},
  pages={1016--1024},
  year={2018},
  publisher={Elsevier}
}

@book{gelman1995bayesian,
  title={Bayesian data analysis},
  author={Gelman, Andrew and Carlin, John B and Stern, Hal S and Rubin, Donald B},
  year={1995},
  publisher={Chapman and Hall/CRC}
}

@article{betancourt2017conceptual,
  title={A conceptual introduction to Hamiltonian Monte Carlo},
  author={Betancourt, Michael},
  journal={arXiv preprint arXiv:1701.02434},
  year={2017}
}

@article{de2012propagation,
  title={Propagation of tau pathology in a model of early Alzheimer's disease},
  author={De Calignon, Alix and Polydoro, Manuela and Su{\'a}rez-Calvet, Marc and William, Christopher and Adamowicz, David H and Kopeikina, Kathy J and Pitstick, Rose and Sahara, Naruhiko and Ashe, Karen H and Carlson, George A and others},
  journal={Neuron},
  volume={73},
  number={4},
  pages={685--697},
  year={2012},
  publisher={Elsevier}
}

@article{lawrence2021standardizing,
  title={Standardizing human brain parcellations},
  author={Lawrence, Ross M and Bridgeford, Eric W and Myers, Patrick E and Arvapalli, Ganesh C and Ramachandran, Sandhya C and Pisner, Derek A and Frank, Paige F and Lemmer, Allison D and Nikolaidis, Aki and Vogelstein, Joshua T},
  journal={Scientific data},
  volume={8},
  number={1},
  pages={1--9},
  year={2021},
  publisher={Nature Publishing Group}
}

@article{moghimi2021review,
  title={A Review on MR Based Human Brain Parcellation Methods},
  author={Moghimi, Pantea and Dang, Anh The and Netoff, Theoden I and Lim, Kelvin O and Atluri, Gowtham},
  journal={arXiv preprint arXiv:2107.03475},
  year={2021}
}

@article{jack2011steps,
  title={Steps to standardization and validation of hippocampal volumetry as a biomarker in clinical trials and diagnostic criterion for Alzheimer’s disease},
  author={Jack Jr, Clifford R and Barkhof, Frederik and Bernstein, Matt A and Cantillon, Marc and Cole, Patricia E and DeCarli, Charles and Dubois, Bruno and Duchesne, Simon and Fox, Nick C and Frisoni, Giovanni B and others},
  journal={Alzheimer's \& Dementia},
  volume={7},
  number={4},
  pages={474--485},
  year={2011},
  publisher={Elsevier}
}

@article{eskildsen2015structural,
  title={Structural imaging biomarkers of Alzheimer's disease: predicting disease progression},
  author={Eskildsen, Simon F and Coup{\'e}, Pierrick and Fonov, Vladimir S and Pruessner, Jens C and Collins, D Louis and Alzheimer's Disease Neuroimaging Initiative and others},
  journal={Neurobiology of aging},
  volume={36},
  pages={S23--S31},
  year={2015},
  publisher={Elsevier}
}

@article{mcgeer1992anti,
  title={Anti-inflammatory agents as a therapeutic approach to Alzheimer's disease.},
  author={McGeer, Patrick L and Rogers, Joseph},
  journal={Neurology},
  volume={42},
  number={2},
  pages={447--449},
  year={1992}
}
@article{frost2009propagation,
  title={Propagation of tau misfolding from the outside to the inside of a cell},
  author={Frost, Bess and Jacks, Rachel L and Diamond, Marc I},
  journal={Journal of Biological Chemistry},
  volume={284},
  number={19},
  pages={12845--12852},
  year={2009},
  publisher={ASBMB}
}

@article{francis1999cholinergic,
  title={The cholinergic hypothesis of Alzheimer’s disease: a review of progress},
  author={Francis, Paul T and Palmer, Alan M and Snape, Michael and Wilcock, Gordon K},
  journal={Journal of Neurology, Neurosurgery \& Psychiatry},
  volume={66},
  number={2},
  pages={137--147},
  year={1999},
  publisher={BMJ Publishing Group Ltd}
}

@article{davies1976selective,
  title={Selective loss of central cholinergic neurons in Alzheimer's disease},
  author={Davies, Peter and Maloney, AJF},
  journal={The Lancet},
  volume={308},
  number={8000},
  pages={1403},
  year={1976},
  publisher={Elsevier}
}

@article{chen2019functional,
  title={Functional MRI of brain physiology in aging and neurodegenerative diseases},
  author={Chen, J Jean},
  journal={Neuroimage},
  volume={187},
  pages={209--225},
  year={2019},
  publisher={Elsevier}
}

@article{jack2018nia,
	Author = {Jack, Clifford R and Bennett, David A and Blennow, Kaj and Carrillo, Maria C and Dunn, Billy and Haeberlein, Samantha Budd and Holtzman, David M and Jagust, William and Jessen, Frank and Karlawish, Jason and others},
	Date-Added = {2019-02-10 06:25:59 -0800},
	Date-Modified = {2019-02-10 06:25:59 -0800},
	Journal = {Alzheimer's \& Dementia},
	Number = {4},
	Pages = {535--562},
	Publisher = {Elsevier},
	Title = {NIA-AA Research Framework: Toward a biological definition of Alzheimer's disease},
	Volume = {14},
	Year = {2018}}


@article{schafer2021predicting,
  title={Predicting brain atrophy from tau pathology: A summary of clinical findings and their translation into personalized models},
  author={Sch{\"a}fer, Amelie and Chaggar, Pavanjit and Thompson, Travis B and Goriely, Alain and Kuhl, Ellen and Alzheimer’s Disease Neuroimaging Initiative and others},
  journal={Brain Multiphysics},
  volume={2},
  pages={100039},
  year={2021},
  publisher={Elsevier}
}


@article{routier2021,
  title={Clinica: An Open-Source Software Platform for Reproducible Clinical Neuroscience Studies},
  author={Routier, Alexandre and Burgos, Ninon and D{\'\i}az, Mauricio and Bacci, Michael and Bottani, Simona and El-Rifai, Omar and Fontanella, Sabrina and Gori, Pietro and Guillon, J{\'e}r{\'e}my and Guyot, Alexis and others},
  journal={Frontiers in Neuroinformatics},
  volume={15},
  year={2021},
  publisher={Frontiers Media SA}
}


@manual{freesurfer13,
      title  = "FreeSurfer Software Suite",
      author = "FreeSurfer",
      note   = "\url{http://surfer.nmr.mgh.harvard.edu}",
      year   = "accessed July 31, 2020"
}

@article{lowe2016,
  title={An autoradiographic evaluation of {AV-1451 Tau PET} in dementia},
  author={Lowe, Val J and Curran, Geoffry and Fang, Ping and Liesinger, Amanda M and Josephs, Keith A and Parisi, Joseph E and Kantarci, Kejal and Boeve, Bradley F and Pandey, Mukesh K and Bruinsma, Tyler and others},
  journal={Acta Neuropathologica Communications},
  volume={4},
  number={1},
  pages={58},
  year={2016},
  publisher={BioMed Central}
}

@article{marquie2017,
  title={Pathological correlations of {[F-18]-AV-1451} imaging in non-alzheimer tauopathies},
  author={Marqui{\'e}, Marta and Normandin, Marc D and Meltzer, Avery C and Siao Tick Chong, Michael and Andrea, Nicolas V and Ant{\'o}n-Fern{\'a}ndez, Alejandro and Klunk, William E and Mathis, Chester A and Ikonomovic, Milos D and Debnath, Manik and others},
  journal={Annals of Neurology},
  volume={81},
  number={1},
  pages={117--128},
  year={2017},
  publisher={Wiley Online Library}
}

@article{lemoine2018,
  title={Tau positron emission tomography imaging in tauopathies: the added hurdle of off-target binding},
  author={Lemoine, Laetitia and Leuzy, Antoine and Chiotis, Konstantinos and Rodriguez-Vieitez, Elena and Nordberg, Agneta},
  journal={Alzheimer's \& Dementia: Diagnosis, Assessment \& Disease Monitoring},
  volume={10},
  pages={232--236},
  year={2018},
  publisher={Elsevier}
}

@article{lowe2016autoradiographic,
  title={An autoradiographic evaluation of AV-1451 Tau PET in dementia},
  author={Lowe, Val J and Curran, Geoffry and Fang, Ping and Liesinger, Amanda M and Josephs, Keith A and Parisi, Joseph E and Kantarci, Kejal and Boeve, Bradley F and Pandey, Mukesh K and Bruinsma, Tyler and others},
  journal={Acta neuropathologica communications},
  volume={4},
  number={1},
  pages={1--19},
  year={2016},
  publisher={BioMed Central}
}

@article{johnson2016tau,
  title={Tau positron emission tomographic imaging in aging and early A lzheimer disease},
  author={Johnson, Keith A and Schultz, Aaron and Betensky, Rebecca A and Becker, J Alex and Sepulcre, Jorge and Rentz, Dorene and Mormino, Elizabeth and Chhatwal, Jasmeer and Amariglio, Rebecca and Papp, Kate and others},
  journal={Annals of neurology},
  volume={79},
  number={1},
  pages={110--119},
  year={2016},
  publisher={Wiley Online Library}
}

@article{desikan2006,
  title={An automated labeling system for subdividing the human cerebral cortex on {MRI} scans into gyral based regions of interest},
  author={Desikan, Rahul S and S{\'e}gonne, Florent and Fischl, Bruce and Quinn, Brian T and Dickerson, Bradford C and Blacker, Deborah and Buckner, Randy L and Dale, Anders M and Maguire, R Paul and Hyman, Bradley T and others},
  journal={Neuroimage},
  volume={31},
  number={3},
  pages={968--980},
  year={2006},
  publisher={Elsevier}
}

@article{baker2017a,
	author = {Baker, S.L. and others},
	journal = {J. Nucl. Med.},
	number = {2},
	pages = {332--338},
	title = {{R}eference {T}issue-{B}ased {K}inetic {E}valuation of {18F-AV1451} for {T}au {I}maging},
	volume = {58},
	year = {2017}}

@manual{ADNI20,
      title  = "Alzheimer's Disease Neuroimaging Initiative",
      author = "ADNI",
      note   = "\url{http://adni.loni.usc.edu}",
      year   = "accessed July 31, 2020"
}

@article{devos2018synaptic,
	Author = {DeVos, Sarah L and Corjuc, Bianca T and Oakley, Derek H and Nobuhara, Chloe K and Bannon, Riley N and Chase, Alison and Commins, Caitlin and Gonzalez, Jose A and Dooley, Patrick M and Frosch, Matthew P and others},
	Date-Added = {2019-11-12 14:55:34 +0000},
	Date-Modified = {2019-11-12 14:55:34 +0000},
	Journal = {Frontiers in neuroscience},
	Pages = {267},
	Publisher = {Frontiers},
	Title = {Synaptic tau seeding precedes tau pathology in human Alzheimer's disease brain},
	Volume = {12},
	Year = {2018}}
  
@article{mudher2017evidence,
	Author = {Mudher, Amrit and Colin, Morvane and Dujardin, Simon and Medina, Miguel and Dewachter, Ilse and Naini, Seyedeh Maryam Alavi and Mandelkow, Eva-Maria and Mandelkow, Eckhard and Bu{\'e}e, Luc and Goedert, Michel and others},
	Date-Added = {2019-02-10 07:15:20 -0800},
	Date-Modified = {2019-02-10 07:15:20 -0800},
	Journal = {Acta neuropathologica communications},
	Number = {1},
	Pages = {99},
	Publisher = {BioMed Central},
	Title = {What is the evidence that tau pathology spreads through prion-like propagation?},
	Volume = {5},
	Year = {2017}}

@article{clavaguera2013prion,
	Author = {Clavaguera, Florence and Lavenir, Isabelle and Falcon, Ben and Frank, Stephan and Goedert, Michel and Tolnay, Markus},
	Date-Added = {2019-02-10 07:14:29 -0800},
	Date-Modified = {2019-02-10 07:14:29 -0800},
	Journal = {Brain Pathology},
	Number = {3},
	Pages = {342--349},
	Publisher = {Wiley Online Library},
	Title = {``Prion-like'' templated misfolding in tauopathies},
	Volume = {23},
	Year = {2013}}

@article{olsson2018prion,
	Author = {Olsson, Tomas T and Klementieva, Oxana and Gouras, Gunnar K},
	Date-Added = {2019-02-10 07:15:46 -0800},
	Date-Modified = {2019-02-10 07:15:46 -0800},
	Journal = {Neurobiology of disease},
	Pages = {1--10},
	Publisher = {Elsevier},
	Title = {Prion-like seeding and nucleation of intracellular amyloid-$\beta$},
	Volume = {113},
	Year = {2018}}

@article{FristonDCM2003,
	pages = {1273--1302},
	issn = {1053-8119},
	journal = {Neuroimage},
	volume = {19},
	publisher = {Elsevier Inc},
	number = {4},
	year = {2003},
	title = {Dynamic causal modelling},
	author = {Friston, K.J. and Harrison, L. and Penny, W.},
}


@article{FristonDCM2017,
	issn = {1053-8119},
	journal = {NeuroImage},
	volume = {199},
	publisher = {Elsevier},
	year = {2017},
	title = {Dynamic causal modelling revisited},
	author = {Friston, K.J. and Preller, K.H. and Mathys, C. and Cagnan, H. and Heinzle, J. and Razi, A. and Zeidman, P.},
}

@article{Okamura2014,
	Author = {Okamura, N. and Harada, R. and Furumoto, S. et al.},
	Journal = {Curr Neurol Neurosci Rep},
	Title = {Tau PET Imaging in Alzheimer’s Disease},
	volume={14},
	number={500},
	Year = {2014}}

@article{OssenkoppeleRik2018DAo1,
	pages = {1151--1162},
	issn = {0098-7484},
	journal = {JAMA},
	volume = {320},
	publisher = {American Medical Association},
	number = {11},
	year = {2018},
	title = {Discriminative Accuracy of [18F]flortaucipir Positron Emission Tomography for Alzheimer Disease vs Other Neurodegenerative Disorders},
	author = {Ossenkoppele, R. and Rabinovici, G.~D and Smith, R. and Miller, B.~L. et al.}
}

@article{ossenkoppele2021accuracy,
  title={Accuracy of tau positron emission tomography as a prognostic marker in preclinical and prodromal Alzheimer disease: a head-to-head comparison against amyloid positron emission tomography and magnetic resonance imaging},
  author={Ossenkoppele, Rik and Smith, Ruben and Mattsson-Carlgren, Niklas and Groot, Colin and Leuzy, Antoine and Strandberg, Olof and Palmqvist, Sebastian and Olsson, Tomas and J{\"o}gi, Jonas and Stormrud, Erik and others},
  journal={JAMA neurology},
  volume={78},
  number={8},
  pages={961--971},
  year={2021},
  publisher={American Medical Association}
}

@ARTICLE{nilearn2014,
	Author={Abraham, A. and Pedregosa, F. and Eickenberg, M. and Gervais, P. and Mueller, A. and Kossaifi, J. and Gramfort, A. and Thirion, B. and Varoquaux, G.},   
	Title={Machine learning for neuroimaging with scikit-learn},      
	Journal={Frontiers in Neuroinformatics},      
	Volume={8},      
	Pages={14},     
	Year={2014},      
	Doi={10.3389/fninf.2014.00014}}

@article{mcnab2013human,
	Author = {McNab, Jennifer A and Edlow, Brian L and Witzel, Thomas and Huang, Susie Y and Bhat, Himanshu and Heberlein, Keith and Feiweier, Thorsten and Liu, Kecheng and Keil, Boris and Cohen-Adad, Julien and others},
	Date-Added = {2019-06-30 09:00:20 +0100},
	Date-Modified = {2019-06-30 09:00:20 +0100},
	Journal = {Neuroimage},
	Pages = {234--245},
	Publisher = {Elsevier},
	Title = {The Human Connectome Project and beyond: initial applications of 300 mT/m gradients},
	Volume = {80},
	Year = {2013}}

@article{bressloff2014waves,
	Author = {Bressloff, Paul C},
	Date-Added = {2018-04-05 08:12:08 +0000},
	Date-Modified = {2018-04-05 08:12:08 +0000},
	Journal = {Lecture Notes on Mathematical Modelling in the Life Sciences},
	Publisher = {Springer},
	Title = {Waves in neural media},
	Year = {2014}}

@incollection{matthaus2009comparison,
	Author = {Matth{\"a}us, Franziska},
	Booktitle = {Modelling Dynamics in Processes and Systems},
	Date-Added = {2019-01-06 14:50:01 +0000},
	Date-Modified = {2019-01-06 14:50:11 +0000},
	Keywords = {Dementia},
	Pages = {109--117},
	Publisher = {Springer},
	Title = {A comparison of modeling approaches for the spread of prion diseases in the brain},
	Year = {2009}}

@article{zheng2018connectome,
	Author = {Zheng, Ying-Qiu and Zhang, Yu and Yau, Yvonne HC and Zeighami, Yashar and Larcher, Kevin and Misic, Bratislav and Dagher, Alain},
	Date-Added = {2019-11-13 10:00:46 +0000},
	Date-Modified = {2019-11-13 10:00:46 +0000},
	Journal = {bioRxiv},
	Pages = {449199},
	Publisher = {Cold Spring Harbor Laboratory},
	Title = {Connectome architecture, gene expression and functional co-activation shape the propagation of misfolded proteins in neurodegenerative disease},
	Year = {2018}}


@article{henderson2019spread,
	Author = {Henderson, Michael X and Cornblath, Eli J and Darwich, Adam and Zhang, Bin and Brown, Hannah and Gathagan, Ronald J and Sandler, Raizel M and Bassett, Danielle S and Trojanowski, John Q and Lee, Virginia MY},
	Date-Added = {2019-10-30 08:39:45 +0000},
	Date-Modified = {2019-10-30 08:39:45 +0000},
	Journal = {Nature neuroscience},
	Number = {8},
	Pages = {1248},
	Publisher = {Nature Publishing Group},
	Title = {Spread of $\alpha$-synuclein pathology through the brain connectome is modulated by selective vulnerability and predicted by network analysis},
	Volume = {22},
	Year = {2019}}

@article{poudel2019network,
	Author = {Poudel, Govinda R and Harding, Ian H and Egan, Gary F and Georgiou-Karistianis, Nellie},
	Date-Added = {2019-11-13 09:58:02 +0000},
	Date-Modified = {2019-11-13 09:58:02 +0000},
	Journal = {Human brain mapping},
	Publisher = {Wiley Online Library},
	Title = {Network spread determines severity of degeneration and disconnection in Huntington's disease},
	Year = {2019}}

@article{pandya2017predictive,
	Author = {Pandya, Sneha and Mezias, Chris and Raj, Ashish},
	Date-Added = {2019-01-06 14:46:51 +0000},
	Date-Modified = {2019-01-06 14:47:02 +0000},
	Journal = {Frontiers in neurology},
	Keywords = {Dementia},
	Pages = {692},
	Publisher = {Frontiers},
	Title = {Predictive model of spread of progressive supranuclear palsy using directional network diffusion},
	Volume = {8},
	Year = {2017}}

@article{abdelnour2014network,
	Author = {Abdelnour, Farras and Voss, Henning U and Raj, Ashish},
	Date-Added = {2017-06-05 11:16:31 +0000},
	Date-Modified = {2017-06-05 11:16:31 +0000},
	Journal = {Neuroimage},
	Pages = {335--347},
	Publisher = {Elsevier},
	Title = {Network diffusion accurately models the relationship between structural and functional brain connectivity networks},
	Volume = {90},
	Year = {2014}}

@article{bertsch2016alzheimer,
	Author = {Bertsch, M. and Franchi, B. and Marcello, N. and Tesi, M. C. and Tosin, A.},
	Date-Added = {2017-05-29 14:29:20 +0000},
	Date-Modified = {2017-05-29 14:29:40 +0000},
	Journal = {Mathematical Medicine and Biology},
	Pages = {dqw003},
	Publisher = {IMA},
	Title = {Alzheimer's disease: a mathematical model for onset and progression},
	Year = {2016}}

@article{walker2017exceptional,
	Author = {Walker, Lary C and Jucker, Mathias},
	Date-Added = {2019-11-12 08:20:55 +0000},
	Date-Modified = {2019-11-12 08:20:55 +0000},
	Journal = {Trends in molecular medicine},
	Number = {6},
	Pages = {534--545},
	Publisher = {Elsevier},
	Title = {The exceptional vulnerability of humans to Alzheimer's disease},
	Volume = {23},
	Year = {2017}}

@article{he2018amyloid,
	Author = {He, Zhuohao and Guo, Jing L and McBride, Jennifer D and Narasimhan, Sneha and Kim, Hyesung and Changolkar, Lakshmi and Zhang, Bin and Gathagan, Ronald J and Yue, Cuiyong and Dengler, Christopher and others},
	Date-Added = {2019-11-13 09:08:23 +0000},
	Date-Modified = {2019-11-13 09:08:23 +0000},
	Journal = {Nature medicine},
	Number = {1},
	Pages = {29},
	Publisher = {Nature Publishing Group},
	Title = {Amyloid-$\beta$ plaques enhance Alzheimer's brain tau-seeded pathologies by facilitating neuritic plaque tau aggregation},
	Volume = {24},
	Year = {2018}}

@article{giraldo2014abeta,
	Author = {Giraldo, E and Lloret, A and Fuchsberger, T and Vi{\~n}a, J},
	Date-Added = {2019-11-12 14:56:57 +0000},
	Date-Modified = {2019-11-12 14:56:57 +0000},
	Journal = {Redox biology},
	Pages = {873--877},
	Publisher = {Elsevier},
	Title = {A$\beta$ and tau toxicities in Alzheimer's are linked via oxidative stress-induced p38 activation: protective role of vitamin E},
	Volume = {2},
	Year = {2014}}


@article{lloret2011amyloid,
	Author = {Lloret, Ana and Badia, Mari-Carmen and Giraldo, Esther and Ermak, Gennady and Alonso, Maria-Dolores and Pallard{\'o}, Federico V and Davies, Kelvin JA and Vi{\~n}a, Jose},
	Date-Added = {2019-11-13 09:31:41 +0000},
	Date-Modified = {2019-11-13 09:31:41 +0000},
	Journal = {Journal of Alzheimer's Disease},
	Number = {4},
	Pages = {701--709},
	Publisher = {IOS Press},
	Title = {Amyloid-$\beta$ toxicity and tau hyperphosphorylation are linked via RCAN1 in Alzheimer's disease},
	Volume = {27},
	Year = {2011}}

@article{small2008linking,
	Author = {Small, Scott A and Duff, Karen},
	Date-Added = {2019-11-13 09:34:15 +0000},
	Date-Modified = {2019-11-13 09:34:15 +0000},
	Journal = {Neuron},
	Number = {4},
	Pages = {534--542},
	Publisher = {Elsevier},
	Title = {Linking A$\beta$ and tau in late-onset Alzheimer's disease: a dual pathway hypothesis},
	Volume = {60},
	Year = {2008}}

@article{laurent2018tau,
	Author = {Laurent, Cyril and Bu{\'e}e, Luc and Blum, David},
	Date-Added = {2019-11-12 14:44:56 +0000},
	Date-Modified = {2019-11-12 14:44:56 +0000},
	Journal = {Biomedical journal},
	Number = {1},
	Pages = {21--33},
	Publisher = {Elsevier},
	Title = {Tau and neuroinflammation: what impact for Alzheimer's disease and tauopathies?},
	Volume = {41},
	Year = {2018}}

@article{bennett2018tau,
	Author = {Bennett, Rachel E and Robbins, Ashley B and Hu, Miwei and Cao, Xinrui and Betensky, Rebecca A and Clark, Tim and Das, Sudeshna and Hyman, Bradley T},
	Date-Added = {2019-11-12 14:53:35 +0000},
	Date-Modified = {2019-11-12 14:53:35 +0000},
	Journal = {Proceedings of the National Academy of Sciences},
	Number = {6},
	Pages = {E1289--E1298},
	Publisher = {National Acad Sciences},
	Title = {Tau induces blood vessel abnormalities and angiogenesis-related gene expression in P301L transgenic mice and human Alzheimer's disease},
	Volume = {115},
	Year = {2018}}

@article{pooler2015,
	Author = {Pooler, Amy M. and Hyman, Bradley T. et. al.},
	Date-Added = {2020-02-06 07:39:02 +0000},
	Date-Modified = {2020-02-06 07:39:02 +0000},
	Doi = {10.1186/s40478-015-0199-x},
	Issn = {2051-5960},
	Journal = {Acta Neuropathologica Communications},
	Number = {1},
	Pages = {14},
	Title = {Amyloid accelerates tau propagation and toxicity in a model of early Alzheimer's disease},
	Url = {https://doi.org/10.1186/s40478-015-0199-x},
	Volume = {3},
	Year = {2015},
	Bdsk-Url-1 = {https://doi.org/10.1186/s40478-015-0199-x}}

@article{bennett2017enhanced,
	Author = {Bennett, Rachel E and DeVos, Sarah L and Dujardin, Simon and Corjuc, Bianca and Gor, Rucha and Gonzalez, Jose and Roe, Allyson D and Frosch, Matthew P and Pitstick, Rose and Carlson, George A and others},
	Date-Added = {2019-11-12 14:40:59 +0000},
	Date-Modified = {2019-11-12 14:40:59 +0000},
	Journal = {The American journal of pathology},
	Number = {7},
	Pages = {1601--1612},
	Publisher = {Elsevier},
	Title = {Enhanced tau aggregation in the presence of amyloid $\beta$},
	Volume = {187},
	Year = {2017}}

@article{kara2018toxic,
	Author = {Kara, Eleanna and Marks, Jordan D and Aguzzi, Adriano},
	Date-Added = {2019-11-13 09:28:17 +0000},
	Date-Modified = {2019-11-13 09:28:17 +0000},
	Journal = {Trends in molecular medicine},
	Publisher = {Elsevier},
	Title = {Toxic protein spread in neurodegeneration: reality versus fantasy},
	Year = {2018}}

@article{jack2013tracking,
	Author = {Jack Jr, Clifford R and Knopman, David S and Jagust, William J and Petersen, Ronald C and Weiner, Michael W and Aisen, Paul S and Shaw, Leslie M and Vemuri, Prashanthi and Wiste, Heather J and Weigand, Stephen D and others},
	Date-Added = {2018-03-30 17:19:34 +0000},
	Date-Modified = {2018-03-30 17:19:34 +0000},
	Journal = {The Lancet Neurology},
	Number = {2},
	Pages = {207--216},
	Publisher = {Elsevier},
	Title = {Tracking pathophysiological processes in Alzheimer's disease: an updated hypothetical model of dynamic biomarkers},
	Volume = {12},
	Year = {2013}}

@article{ittner2011amyloid,
	Author = {Ittner, Lars M and G{\"o}tz, J{\"u}rgen},
	Date-Added = {2019-10-30 08:43:19 +0000},
	Date-Modified = {2019-10-30 08:43:19 +0000},
	Journal = {Nature Reviews Neuroscience},
	Number = {2},
	Pages = {67},
	Publisher = {Nature Publishing Group},
	Title = {Amyloid-$\beta$ and tau---a toxic pas de deux in Alzheimer's disease},
	Volume = {12},
	Year = {2011}}

@article{jucker2018propagation,
	Author = {Jucker, Mathias and Walker, Lary C},
	Date-Added = {2019-02-10 07:16:08 -0800},
	Date-Modified = {2019-02-10 07:16:08 -0800},
	Journal = {Nature neuroscience},
	Number = {10},
	Pages = {1341},
	Publisher = {Nature Publishing Group},
	Title = {Propagation and spread of pathogenic protein assemblies in neurodegenerative diseases},
	Volume = {21},
	Year = {2018}}

@article{walker2018standard,
	Author = {Walker, Lary C and Lynn, David G and Chernoff, Yury O},
	Date-Added = {2019-11-12 08:11:33 +0000},
	Date-Modified = {2019-11-12 08:11:33 +0000},
	Journal = {Prion},
	Number = {5-6},
	Pages = {261--265},
	Publisher = {Taylor \& Francis},
	Title = {A standard model of Alzheimer's disease?},
	Volume = {12},
	Year = {2018}}

@article{busche2019tau,
	Author = {Busche, Marc Aurel and Wegmann, Susanne and Dujardin, Simon and Commins, Caitlin and Schiantarelli, Julia and Klickstein, Naomi and Kamath, Tarun V and Carlson, George A and Nelken, Israel and Hyman, Bradley T},
	Date-Added = {2019-11-12 08:42:56 +0000},
	Date-Modified = {2019-11-12 08:42:56 +0000},
	Journal = {Threshold},
	Number = {40},
	Pages = {50},
	Title = {Tau impairs neural circuits, dominating amyloid-$\beta$ effects, in Alzheimer models in vivo},
	Volume = {30},
	Year = {2019}}

@article{devos2018tau,
	Author = {DeVos, Sarah L and Corjuc, Bianca T and Commins, Caitlin and Dujardin, Simon and Bannon, Riley N and Corjuc, Diana and Moore, Benjamin D and Bennett, Rachel E and Jorfi, Mehdi and Gonzales, Jose A and others},
	Date-Added = {2019-11-12 14:48:58 +0000},
	Date-Modified = {2019-11-12 14:48:58 +0000},
	Journal = {Brain},
	Number = {7},
	Pages = {2194--2212},
	Publisher = {Oxford University Press},
	Title = {Tau reduction in the presence of amyloid-$\beta$ prevents tau pathology and neuronal death in vivo},
	Volume = {141},
	Year = {2018}}

@article{cho2016vivo,
	Author = {Cho, Hanna and Choi, Jae Yong and Hwang, Mi Song and Kim, You Jin and Lee, Hye Mi and Lee, Hye Sun and Lee, Jae Hoon and Ryu, Young Hoon and Lee, Myung Sik and Lyoo, Chul Hyoung},
	Date-Added = {2019-02-10 06:16:37 -0800},
	Date-Modified = {2019-02-10 06:16:37 -0800},
	Journal = {Annals of neurology},
	Number = {2},
	Pages = {247--258},
	Publisher = {Wiley Online Library},
	Title = {In vivo cortical spreading pattern of tau and amyloid in the Alzheimer disease spectrum},
	Volume = {80},
	Year = {2016}}
}

@article{gotz2019molecular,
	Author = {G{\"o}tz, J{\"u}rgen and Halliday, Glenda and Nisbet, Rebecca M},
	Date-Added = {2019-11-12 14:47:12 +0000},
	Date-Modified = {2019-11-12 14:47:12 +0000},
	Journal = {Annual Review of Pathology: Mechanisms of Disease},
	Pages = {239--261},
	Publisher = {Annual Reviews},
	Title = {Molecular pathogenesis of the tauopathies},
	Volume = {14},
	Year = {2019}}

@article{goedert2017like,
	Author = {Goedert, Michel and Masuda-Suzukake, Masami and Falcon, Benjamin},
	Date-Added = {2019-02-10 07:14:46 -0800},
	Date-Modified = {2019-02-10 07:14:46 -0800},
	Journal = {Brain},
	Number = {2},
	Pages = {266--278},
	Publisher = {Oxford University Press},
	Title = {Like prions: the propagation of aggregated tau and $\alpha$-synuclein in neurodegeneration},
	Volume = {140},
	Year = {2017}}

@article{alzheimer1907uber,
	Author = {Alzheimer, Alois},
	Date-Added = {2020-02-06 07:35:43 +0000},
	Date-Modified = {2020-02-06 07:35:43 +0000},
	Journal = {Zentralbl. Nervenh. Psych.},
	Pages = {177--179},
	Title = {Uber eine eigenartige Erkrankung der Hirnrinde},
	Volume = {18},
	Year = {1907}}

@article{stelzmann1995english,
	Author = {Stelzmann, Rainulf A and Norman Schnitzlein, H and Reed Murtagh, F},
	Date-Added = {2020-02-06 07:36:34 +0000},
	Date-Modified = {2020-02-06 07:36:34 +0000},
	Journal = {Clinical Anatomy: The Official Journal of the American Association of Clinical Anatomists and the British Association of Clinical Anatomists},
	Number = {6},
	Pages = {429--431},
	Publisher = {Wiley Online Library},
	Title = {An English translation of Alzheimer's 1907 paper,``{\"U}ber eine eigenartige Erkankung der Hirnrinde''},
	Volume = {8},
	Year = {1995}}

@article{jenkinson2012fsl,
  title={Fsl},
  author={Jenkinson, Mark and Beckmann, Christian F and Behrens, Timothy EJ and Woolrich, Mark W and Smith, Stephen M},
  journal={Neuroimage},
  volume={62},
  number={2},
  pages={782--790},
  year={2012},
  publisher={Elsevier}
}

@article{jucker2013self,
	Author = {Jucker, Mathias and Walker, Lary C},
	Date-Added = {2016-09-22 16:26:25 +0000},
	Date-Modified = {2016-09-22 16:46:00 +0000},
	Journal = {Nature},
	Keywords = {Brain},
	Number = {7465},
	Pages = {45--51},
	Publisher = {Nature Publishing Group},
	Title = {Self-propagation of pathogenic protein aggregates in neurodegenerative diseases},
	Volume = {501},
	Year = {2013}}

@article{fischl2012freesurfer,
  title={FreeSurfer},
  author={Fischl, Bruce},
  journal={Neuroimage},
  volume={62},
  number={2},
  pages={774--781},
  year={2012},
  publisher={Elsevier}
}

@article{putra2021braiding,
  title={Braiding Braak and Braak: Staging patterns and model selection in network neurodegeneration},
  author={Putra, Prama and Thompson, Travis B and Chaggar, Pavanjit and Goriely, Alain and Alzheimer’s Disease Neuroimaging Initiative and Alzheimer’s Disease Neuroimaging Initiative and others},
  journal={Network Neuroscience},
  pages={1--41},
  year={2021}
}

@article{ferreira2017,
	Author = {Ferreira, Daniel and Westman, Eric, et al},
	Date-Added = {2020-02-06 07:39:02 +0000},
	Date-Modified = {2020-02-06 07:39:02 +0000},
	Journal = {Scientific Reports},
	Number = {1},
	Pages = {2045--2322},
	Title = {Distinct subtypes of Alzheimer's disease based on patterns of brain atrophy: longitudinal trajectories and clinical applications},
	Volume = {7},
	Year = {2017}}

@article{schafer2021bayesian,
  title={Bayesian Physics-Based Modeling of Tau Propagation in Alzheimer's Disease},
  author={Sch{\"a}fer, Amelie and Peirlinck, Mathias and Linka, Kevin and Kuhl, Ellen and Alzheimer's Disease Neuroimaging Initiative (ADNI and others},
  journal={Frontiers in Physiology},
  pages={1081},
  year={2021},
  publisher={Frontiers}
}

@article{schafer2020network,
  title={Network Diffusion Modeling Explains Longitudinal Tau PET Data},
  author={Sch{\"a}fer, Amelie and Mormino, Elizabeth C and Kuhl, Ellen},
  journal={Frontiers in Neuroscience},
  volume={14},
  pages={1370},
  year={2020},
  publisher={Frontiers}
}

@article{klein2012101,
  title={101 labeled brain images and a consistent human cortical labeling protocol},
  author={Klein, Arno and Tourville, Jason},
  journal={Frontiers in neuroscience},
  volume={6},
  pages={171},
  year={2012},
  publisher={Frontiers}
}

@article{fischl2004automatically,
  title={Automatically parcellating the human cerebral cortex},
  author={Fischl, Bruce and Van Der Kouwe, Andr{\'e} and Destrieux, Christophe and Halgren, Eric and S{\'e}gonne, Florent and Salat, David H and Busa, Evelina and Seidman, Larry J and Goldstein, Jill and Kennedy, David and others},
  journal={Cerebral cortex},
  volume={14},
  number={1},
  pages={11--22},
  year={2004},
  publisher={Oxford University Press}
}

@article{liu2019history,
  title={History and progress of hypotheses and clinical trials for Alzheimer’s disease},
  author={Liu, Pei-Pei and Xie, Yi and Meng, Xiao-Yan and Kang, Jian-Sheng},
  journal={Signal transduction and targeted therapy},
  volume={4},
  number={1},
  pages={1--22},
  year={2019},
  publisher={Nature Publishing Group}
}

@article{aoyagi2019abeta,
  title={A$\beta$ and tau prion-like activities decline with longevity in the Alzheimer’s disease human brain},
  author={Aoyagi, Atsushi and Condello, Carlo and St{\"o}hr, Jan and Yue, Weizhou and Rivera, Brianna M and Lee, Joanne C and Woerman, Amanda L and Halliday, Glenda and van Duinen, Sjoerd and Ingelsson, Martin and others},
  journal={Science translational medicine},
  volume={11},
  number={490},
  year={2019},
  publisher={American Association for the Advancement of Science}
}

@article{dos2018alzheimer,
  title={Alzheimer's disease: a review from the pathophysiology to diagnosis, new perspectives for pharmacological treatment},
  author={dos Santos, Picanco and Leide, C and Ozela, Priscilla F and de Fatima de Brito Brito, Maiara and Pinheiro, Abraao A and Padilha, Elias C and Braga, Francinaldo S and de Paula, da Silva and Carlos, HT and dos Santos, Cleydson Breno Rodrigues and others},
  journal={Current medicinal chemistry},
  volume={25},
  number={26},
  pages={3141--3159},
  year={2018},
  publisher={Bentham Science Publishers}
}

@article{anand2017present,
  title={The present and future of pharmacotherapy of Alzheimer’s disease: A comprehensive review},
  author={Anand, Abhinav and Patience, Albert Anosi and Sharma, Neha and Khurana, Navneet},
  journal={European journal of pharmacology},
  volume={815},
  pages={364--375},
  year={2017},
  publisher={Elsevier}
}

@misc{ADstatsWHO,
  title = {Dementia},
  howpublished = {\url{https://www.who.int/news-room/fact-sheets/detail/dementia}},
  note = {Accessed: 2021-04-16}}

@article{schilling2016,
	Author = {Schilling, L. and Zimmer, E. and Rosa-Neto, P. et al},
	Journal = {Dement Neuropsychol.},
	Volume = {10},
	Number = {2},
	Pages = {79--90},
	Title = {Imaging Alzheimer's disease pathophysiology with PET},
	Year = {2016}}

@article{carbonell2018mathematical,
  title={Mathematical modeling of protein misfolding mechanisms in neurological diseases: a historical overview},
  author={Carbonell, Felix and Iturria-Medina, Yasser and Evans, Alan C},
  journal={Frontiers in neurology},
  volume={9},
  pages={37},
  year={2018},
  publisher={Frontiers}
}

@article{echavarri2011atrophy,
  title={Atrophy in the parahippocampal gyrus as an early biomarker of Alzheimer’s disease},
  author={Ech{\'a}varri, Carmen and Aalten, P and Uylings, Harry BM and Jacobs, HIL and Visser, Pieter Jelle and Gronenschild, EHBM and Verhey, FRJ and Burgmans, S},
  journal={Brain Structure and Function},
  volume={215},
  number={3-4},
  pages={265--271},
  year={2011},
  publisher={Springer}
}

@article{xia2017association,
  title={Association of in vivo [18F] AV-1451 tau PET imaging results with cortical atrophy and symptoms in typical and atypical Alzheimer disease},
  author={Xia, Chenjie and Makaretz, Sara J and Caso, Christina and McGinnis, Scott and Gomperts, Stephen N and Sepulcre, Jorge and Gomez-Isla, Teresa and Hyman, Bradley T and Schultz, Aaron and Vasdev, Neil and others},
  journal={JAMA neurology},
  volume={74},
  number={4},
  pages={427--436},
  year={2017},
  publisher={American Medical Association}
}

@article{harrison2019longitudinal,
  title={Longitudinal tau accumulation and atrophy in aging and alzheimer disease},
  author={Harrison, Theresa M and La Joie, Renaud and Maass, Anne and Baker, Suzanne L and Swinnerton, Kaitlin and Fenton, Laura and Mellinger, Taylor J and Edwards, Lauren and Pham, Julie and Miller, Bruce L and others},
  journal={Annals of Neurology},
  volume={85},
  number={2},
  pages={229--240},
  year={2019},
  publisher={Wiley Online Library}
}

@article{duyckaerts2009classification,
  title={Classification and basic pathology of Alzheimer disease},
  author={Duyckaerts, Charles and Delatour, Benoit and Potier, Marie-Claude},
  journal={Acta neuropathologica},
  volume={118},
  number={1},
  pages={5--36},
  year={2009},
  publisher={Springer}
}

@article{tarasoff2015clearance,
  title={Clearance systems in the brain—implications for Alzheimer disease},
  author={Tarasoff-Conway, Jenna M and Carare, Roxana O and Osorio, Ricardo S and Glodzik, Lidia and Butler, Tracy and Fieremans, Els and Axel, Leon and Rusinek, Henry and Nicholson, Charles and Zlokovic, Berislav V and others},
  journal={Nature reviews neurology},
  volume={11},
  number={8},
  pages={457},
  year={2015},
  publisher={Nature Publishing Group}
}

@article{selkoe2016amyloid,
  title={The amyloid hypothesis of Alzheimer's disease at 25 years},
  author={Selkoe, Dennis J and Hardy, John},
  journal={EMBO molecular medicine},
  volume={8},
  number={6},
  pages={595--608},
  year={2016}
}

@article{kametani2018reconsideration,
  title={Reconsideration of amyloid hypothesis and tau hypothesis in Alzheimer's disease},
  author={Kametani, Fuyuki and Hasegawa, Masato},
  journal={Frontiers in neuroscience},
  volume={12},
  pages={25},
  year={2018},
  publisher={Frontiers}
}

@article{selkoe1991molecular,
  title={The molecular pathology of Alzheimer's disease},
  author={Selkoe, Dennis J},
  journal={Neuron},
  volume={6},
  number={4},
  pages={487--498},
  year={1991},
  publisher={Elsevier}
}

@article{hardy1992alzheimer,
  title={Alzheimer's disease: the amyloid cascade hypothesis},
  author={Hardy, John A and Higgins, Gerald A},
  journal={Science},
  volume={256},
  number={5054},
  pages={184--186},
  year={1992},
  publisher={American Association for the Advancement of Science}
}

@article{hardy2002amyloid,
  title={The amyloid hypothesis of Alzheimer's disease: progress and problems on the road to therapeutics},
  author={Hardy, John and Selkoe, Dennis J},
  journal={science},
  volume={297},
  number={5580},
  pages={353--356},
  year={2002},
  publisher={American Association for the Advancement of Science}
}

@article{hardy1991amyloid,
  title={Amyloid deposition as the central event in the aetiology of Alzheimer's disease},
  author={Hardy, John and Allsop, David},
  journal={Trends in pharmacological sciences},
  volume={12},
  pages={383--388},
  year={1991},
  publisher={Elsevier Current Trends}
}

@inproceedings{papamakarios2016fast,
  title={Fast $\varepsilon$-free inference of simulation models with bayesian conditional density estimation},
  author={Papamakarios, George and Murray, Iain},
  booktitle={Advances in Neural Information Processing Systems},
  pages={1028--1036},
  year={2016}
}

@article{rezende2015variational,
  title={Variational inference with normalizing flows},
  author={Rezende, Danilo Jimenez and Mohamed, Shakir},
  journal={arXiv preprint arXiv:1505.05770},
  year={2015}
}

@article{kerepesi2017braingraph,
  title={The braingraph. org database of high resolution structural connectomes and the brain graph tools},
  author={Kerepesi, Csaba and Szalkai, Balazs and Varga, Balint and Grolmusz, Vince},
  journal={Cognitive neurodynamics},
  volume={11},
  number={5},
  pages={483--486},
  year={2017},
  publisher={Springer}
}

@article{szalkai2017parameterizable,
  title={Parameterizable consensus connectomes from the human connectome project: the budapest reference connectome server v3. 0},
  author={Szalkai, Bal{\'a}zs and Kerepesi, Csaba and Varga, B{\'a}lint and Grolmusz, Vince},
  journal={Cognitive neurodynamics},
  volume={11},
  number={1},
  pages={113--116},
  year={2017},
  publisher={Springer}
}

@article{vogel2020spread,
  title={Spread of pathological tau proteins through communicating neurons in human Alzheimer's disease},
  author={Vogel, Jacob W and Iturria-Medina, Yasser and Strandberg, Olof T and Smith, Ruben and Levitis, Elizabeth and Evans, Alan C and Hansson, Oskar},
  journal={Nature Communications},
  volume={11},
  number={1},
  pages={1--15},
  year={2020},
  publisher={Nature Publishing Group}
}

@article{jack2013biomarker,
  title={Biomarker modeling of Alzheimer’s disease},
  author={Jack Jr, Clifford R and Holtzman, David M},
  journal={Neuron},
  volume={80},
  number={6},
  pages={1347--1358},
  year={2013},
  publisher={Elsevier}
}

@article{jack2010hypothetical,
  title={Hypothetical model of dynamic biomarkers of the Alzheimer's pathological cascade},
  author={Jack Jr, Clifford R and Knopman, David S and Jagust, William J and Shaw, Leslie M and Aisen, Paul S and Weiner, Michael W and Petersen, Ronald C and Trojanowski, John Q},
  journal={The Lancet Neurology},
  volume={9},
  number={1},
  pages={119--128},
  year={2010},
  publisher={Elsevier}
}

@article{fornari2019prion,
  title={Prion-like spreading of Alzheimer’s disease within the brain’s connectome},
  author={Fornari, Sveva and Sch{\"a}fer, Amelie and Jucker, Mathias and Goriely, Alain and Kuhl, Ellen},
  journal={Journal of the Royal Society Interface},
  volume={16},
  number={159},
  pages={20190356},
  year={2019},
  publisher={The Royal Society}
}

@article{cranmer2020frontier,
  title={The frontier of simulation-based inference},
  author={Cranmer, Kyle and Brehmer, Johann and Louppe, Gilles},
  journal={Proceedings of the National Academy of Sciences},
  year={2020},
  publisher={National Acad Sciences}
}

@article{virtanen2020scipy,
  title={SciPy 1.0: fundamental algorithms for scientific computing in Python},
  author={Virtanen, Pauli and Gommers, Ralf and Oliphant, Travis E and Haberland, Matt and Reddy, Tyler and Cournapeau, David and Burovski, Evgeni and Peterson, Pearu and Weckesser, Warren and Bright, Jonathan and others},
  journal={Nature methods},
  volume={17},
  number={3},
  pages={261--272},
  year={2020},
  publisher={Nature Publishing Group}
}

@article{hoffman2013stochastic,
  title={Stochastic variational inference},
  author={Hoffman, Matthew D and Blei, David M and Wang, Chong and Paisley, John},
  journal={The Journal of Machine Learning Research},
  volume={14},
  number={1},
  pages={1303--1347},
  year={2013},
  publisher={JMLR. org}
}

@article{hernandez2019using,
  title={Using GPUs to accelerate computational diffusion MRI: From microstructure estimation to tractography and connectomes},
  author={Hernandez-Fernandez, Moises and Reguly, Istvan and Jbabdi, Saad and Giles, Mike and Smith, Stephen and Sotiropoulos, Stamatios N},
  journal={NeuroImage},
  volume={188},
  pages={598--615},
  year={2019},
  publisher={Elsevier}
}

@article{behrens2003characterization,
  title={Characterization and propagation of uncertainty in diffusion-weighted MR imaging},
  author={Behrens, Timothy EJ and Woolrich, Mark W and Jenkinson, Mark and Johansen-Berg, Heidi and Nunes, Rita G and Clare, Stuart and Matthews, Paul M and Brady, J Michael and Smith, Stephen M},
  journal={Magnetic Resonance in Medicine: An Official Journal of the International Society for Magnetic Resonance in Medicine},
  volume={50},
  number={5},
  pages={1077--1088},
  year={2003},
  publisher={Wiley Online Library}
}

@article{behrens2007probabilistic,
  title={Probabilistic diffusion tractography with multiple fibre orientations: What can we gain?},
  author={Behrens, Timothy EJ and Berg, H Johansen and Jbabdi, Saad and Rushworth, Matthew FS and Woolrich, Mark W},
  journal={Neuroimage},
  volume={34},
  number={1},
  pages={144--155},
  year={2007},
  publisher={Elsevier}
}

@article{warrington2020xtract,
  title={XTRACT-Standardised protocols for automated tractography in the human and macaque brain},
  author={Warrington, Shaun and Bryant, Katherine L and Khrapitchev, Alexandr A and Sallet, Jerome and Charquero-Ballester, Marina and Douaud, Gwenaelle and Jbabdi, Saad and Mars, Rogier B and Sotiropoulos, Stamatios N},
  journal={NeuroImage},
  pages={116923},
  year={2020},
  publisher={Elsevier}
}


@article{caroli2010dynamics,
  title={The dynamics of Alzheimer's disease biomarkers in the Alzheimer's Disease Neuroimaging Initiative cohort},
  author={Caroli, A and Frisoni, GB and Alzheimer's Disease Neuroimaging Initiative and others},
  journal={Neurobiology of aging},
  volume={31},
  number={8},
  pages={1263--1274},
  year={2010},
  publisher={Elsevier}
}

@article{schwarz2016regional,
  title={Regional profiles of the candidate tau PET ligand 18 F-AV-1451 recapitulate key features of Braak histopathological stages},
  author={Schwarz, Adam J and Yu, Peng and Miller, Bradley B and Shcherbinin, Sergey and Dickson, James and Navitsky, Michael and Joshi, Abhinay D and Devous Sr, Michael D and Mintun, Mark S},
  journal={Brain},
  volume={139},
  number={5},
  pages={1539--1550},
  year={2016},
  publisher={Oxford University Press}
}

@article{SCHOLL2016971,
title = "PET Imaging of Tau Deposition in the Aging Human Brain",
journal = "Neuron",
volume = "89",
number = "5",
pages = "971 - 982",
year = "2016",
issn = "0896-6273",
doi = "https://doi.org/10.1016/j.neuron.2016.01.028",
url = "http://www.sciencedirect.com/science/article/pii/S0896627316000532",
author = "Michael Schöll and Samuel N. Lockhart and DanielvR. Schonhaut and James P. O’Neil and Mustafa Janabi and Rik Ossenkoppele and Suzanne L. Baker and Jacob W. Vogel and Jamie Faria and Henry D. Schwimmer and Gil D. Rabinovici and William J. Jagust"
}

@article{kucukelbir2017automatic,
  title={Automatic differentiation variational inference},
  author={Kucukelbir, Alp and Tran, Dustin and Ranganath, Rajesh and Gelman, Andrew and Blei, David M},
  journal={The Journal of Machine Learning Research},
  volume={18},
  number={1},
  pages={430--474},
  year={2017},
  publisher={JMLR. org}
}

@article{Blei_2017,
   title={Variational Inference: A Review for Statisticians},
   volume={112},
   ISSN={1537-274X},
   url={http://dx.doi.org/10.1080/01621459.2017.1285773},
   DOI={10.1080/01621459.2017.1285773},
   number={518},
   journal={Journal of the American Statistical Association},
   publisher={Informa UK Limited},
   author={Blei, David M. and Kucukelbir, Alp and McAuliffe, Jon D.},
   year={2017},
   month={Apr},
   pages={859–877}
}

@article{Duyckaerts2019,
title = "The prion-like propagation hypothesis in Alzheimer's and Parkinson's disease",
author = "Charles Duyckaerts and Florence Clavaguera and Marie-Claude Potie ",
journal = "Current Opinion in Neurology",
volume = "32",
number="2",
pages = "266-271",
year = "2019",
doi = "10.1097/WCO.0000000000000672",
issn = "1350-7540",
url = "https://journals.lww.com/co-neurology/Fulltext/2019/04000/The_prion_like_propagation_hypothesis_in.14.aspx"}

@article{jagust2010alzheimer,
  title={The Alzheimer's Disease Neuroimaging Initiative positron emission tomography core},
  author={Jagust, William J and Bandy, Dan and Chen, Kewei and Foster, Norman L and Landau, Susan M and Mathis, Chester A and Price, Julie C and Reiman, Eric M and Skovronsky, Daniel and Koeppe, Robert A and others},
  journal={Alzheimer's \& Dementia},
  volume={6},
  number={3},
  pages={221--229},
  year={2010},
  publisher={Wiley Online Library}
}

@article {Vogel2020,
	Title = {Spread of pathological tau proteins through communicating neurons in human Alzheimer's disease},
	Author = {Vogel, Jacob W and Iturria-Medina, Yasser and Strandberg, Olof T and Smith, Ruben and Levitis, Elizabeth and Evans, Alan C and Hansson, Oskar and {Alzheimer’s Disease Neuroimaging Initiative} and {Swedish BioFinder Study}},
	DOI = {10.1038/s41467-020-15701-2},
	Number = {1},
	Volume = {11},
	Month = {May},
	Year = {2020},
	Journal = {Nature communications},
	ISSN = {2041-1723},
	Pages = {2612},
	URL = {https://europepmc.org/articles/PMC7251068},
}

@article{vemuri2017tau,
  title={Tau-PET uptake: regional variation in average SUVR and impact of amyloid deposition},
  author={Vemuri, Prashanthi and Lowe, Val J and Knopman, David S and Senjem, Matthew L and Kemp, Bradley J and Schwarz, Christopher G and Przybelski, Scott A and Machulda, Mary M and Petersen, Ronald C and Jack Jr, Clifford R},
  journal={Alzheimer's \& Dementia: Diagnosis, Assessment \& Disease Monitoring},
  volume={6},
  pages={21--30},
  year={2017},
  publisher={Elsevier}
}


@article {Yan2019,
	Title = {Classification of amyloid PET images using novel features for early diagnosis of Alzheimer's disease and mild cognitive impairment conversion},
	Author = {Yan, Yu and Somer, Edward and Grau, Vicente},
	DOI = {10.1097/mnm.0000000000000953},
	Number = {3},
	Volume = {40},
	Month = {March},
	Year = {2019},
	Journal = {Nuclear medicine communications},
	ISSN = {0143-3636},
	Pages = {242—248},
	URL = {https://doi.org/10.1097/MNM.0000000000000953},
}

@article{weiner2017alzheimer,
  title={The Alzheimer's Disease Neuroimaging Initiative 3: Continued innovation for clinical trial improvement},
  author={Weiner, Michael W and Veitch, Dallas P and Aisen, Paul S and Beckett, Laurel A and Cairns, Nigel J and Green, Robert C and Harvey, Danielle and Jack Jr, Clifford R and Jagust, William and Morris, John C and others},
  journal={Alzheimer's \& Dementia},
  volume={13},
  number={5},
  pages={561--571},
  year={2017},
  publisher={Elsevier}
}

@article{villemagne2015tau,
  title={Tau imaging: early progress and future directions},
  author={Villemagne, Victor L and Fodero-Tavoletti, Michelle T and Masters, Colin L and Rowe, Christopher C},
  journal={The Lancet Neurology},
  volume={14},
  number={1},
  pages={114--124},
  year={2015},
  publisher={Elsevier}
}

@article{Ossenkoppele2016,
    author = {Ossenkoppele, Rik and Schonhaut, Daniel R. and Schöll, Michael and Lockhart, Samuel N. and Ayakta, Nagehan and Baker, Suzanne L. and O’Neil, James P. and Janabi, Mustafa and Lazaris, Andreas and Cantwell, Averill and Vogel, Jacob and Santos, Miguel and Miller, Zachary A. and Bettcher, Brianne M. and Vossel, Keith A. and Kramer, Joel H. and Gorno-Tempini, Maria L. and Miller, Bruce L. and Jagust, William J. and Rabinovici, Gil D.},
    title = "{Tau PET patterns mirror clinical and neuroanatomical variability in Alzheimer’s disease}",
    journal = {Brain},
    volume = {139},
    number = {5},
    pages = {1551-1567},
    year = {2016},
    month = {03},
    issn = {0006-8950},
    doi = {10.1093/brain/aww027},
    url = {https://doi.org/10.1093/brain/aww027},
    eprint = {https://academic.oup.com/brain/article-pdf/139/5/1551/17348814/aww027.pdf},
}

@article{whitewell2010,
    author = {Lowe, Val J and Wiste, Heather J and Senjem, Matthew L and Weigand, Stephen D and Therneau, Terry M and Boeve, Bradley F and Josephs, Keith A and Fang, Ping and Pandey, Mukesh K and Murray, Melissa E and Kantarci, Kejal and Jones, David T and Vemuri, Prashanthi and Graff-Radford, Jonathan and Schwarz, Christopher G and Machulda, Mary M and Mielke, Michelle M and Roberts, Rosebud O and Knopman, David S and Petersen, Ronald C and Jack, Clifford R, Jr},
    title = "{Widespread brain tau and its association with ageing, Braak stage and Alzheimer’s dementia}",
    journal = {Brain},
    volume = {141},
    number = {1},
    pages = {271-287},
    year = {2017},
    month = {12},
    issn = {0006-8950},
    doi = {10.1093/brain/awx320},
    url = {https://doi.org/10.1093/brain/awx320},
    eprint = {https://academic.oup.com/brain/article-pdf/141/1/271/24175722/awx320.pdf},
}

@article{thal2002phases,
  title={Phases of A$\beta$-deposition in the human brain and its relevance for the development of AD},
  author={Thal, Dietmar R and R{\"u}b, Udo and Orantes, Mario and Braak, Heiko},
  journal={Neurology},
  volume={58},
  number={12},
  pages={1791--1800},
  year={2002},
  publisher={AAN Enterprises}
}

@InProceedings{grabner2006,
	author="Grabner, G. and Janke, A.and Budge, M. and Smith, D. and Pruessner, J. and Collins, D.",
	editor="Larsen, R. and Nielsen, M. and Sporring, J.",
	title="Symmetric Atlasing and Model Based Segmentation: An Application to the Hippocampus in Older Adults",
	booktitle="Medical Image Computing and Computer-Assisted Intervention -- MICCAI 2006",
	year="2006",
	publisher="Springer Berlin Heidelberg",
	address="Berlin, Heidelberg",
	pages="58--66",
	isbn="978-3-540-44728-3"
}

@InProceedings{10.1007/11866763_8,
author="Grabner, G{\"u}nther
and Janke, Andrew L.
and Budge, Marc M.
and Smith, David
and Pruessner, Jens
and Collins, D. Louis",
editor="Larsen, Rasmus
and Nielsen, Mads
and Sporring, Jon",
title="Symmetric Atlasing and Model Based Segmentation: An Application to the Hippocampus in Older Adults",
booktitle="Medical Image Computing and Computer-Assisted Intervention -- MICCAI 2006",
year="2006",
publisher="Springer Berlin Heidelberg",
address="Berlin, Heidelberg",
pages="58--66"
} 

@article{FONOV2011313,
title = "Unbiased average age-appropriate atlases for pediatric studies",
journal = "NeuroImage",
volume = "54",
number = "1",
pages = "313 - 327",
year = "2011",
issn = "1053-8119",
doi = "https://doi.org/10.1016/j.neuroimage.2010.07.033",
url = "http://www.sciencedirect.com/science/article/pii/S1053811910010062",
author = "Vladimir Fonov and Alan C. Evans and Kelly Botteron and C. Robert Almli and Robert C. McKinstry and D. Louis Collins",
}


@misc{tourbier_sebastien_2019_3627097,
  author       = {Tourbier, Sebastien and
                  Aleman-Gomez, Yasser and
                  Griffa, Alessandra and
                  Bach Cuadra, Meritxell and
                  Hagmann, Patric},
  title        = {{sebastientourbier/multiscalebrainparcellator: 
                   Multi-Scale Brain Parcellator v1.1.1}},
  month        = oct,
  year         = 2019,
  publisher    = {Zenodo},
  version      = {v1.1.1},
  doi          = {10.5281/zenodo.3627097},
  url          = {https://doi.org/10.5281/zenodo.3627097}
}

@article{Daducci:181387,
      title = {The Connectome Mapper: an open-source processing pipeline  to map connectomes with MRI},
      author = {Daducci, Alessandro and Gerhard, Stephan and Griffa,  Alessandra and Lemkaddem, Alia and Cammoun, Leila and  Gigandet, Xavier and Meuli, Reto and Hagmann, Patric and  Thiran, Jean-Philippe},
      publisher = {Public Library of Science},
      journal = {PLoS ONE},
      address = {San Francisco},
      number = {12},
      volume = {7},
      pages = {9. e48121},
      year = {2012},
      url = {http://infoscience.epfl.ch/record/181387},
      doi = {10.1371/journal.pone.0048121},
}


@article{Kerepesi2017,
title = {The braingraph.org database of high resolution structural connectomes and the brain graph tools}, 
journal = {Cognitive Neurodynamics},
volume = {11},
pages = {483 - 486},
year = {2017},
doi = {https://doi.org/10.1007/s11571-017-9445-1"},
author = {Kerepesi, Csaba and Szalkai, Balázs and Varga, Bálint and Grolmusz, Vince},

}

@article{ashburner2000voxel,
  title={Voxel-based morphometry—the methods},
  author={Ashburner, John and Friston, Karl J},
  journal={Neuroimage},
  volume={11},
  number={6},
  pages={805--821},
  year={2000},
  publisher={Elsevier}
}

@article{ashburner2007fast,
  title={A fast diffeomorphic image registration algorithm},
  author={Ashburner, John},
  journal={Neuroimage},
  volume={38},
  number={1},
  pages={95--113},
  year={2007},
  publisher={Elsevier}
}

@article{ashburner2005unified,
  title={Unified segmentation},
  author={Ashburner, John and Friston, Karl J},
  journal={Neuroimage},
  volume={26},
  number={3},
  pages={839--851},
  year={2005},
  publisher={Elsevier}
}

@article{prusiner1991,
	Author = {Prusiner, Stanley B},
	Journal = {Science},
	Title = {Molecular Biology of Prion Diseases},
	Volume = {252},
	Number = {5012},
	Pages = {1515--1522},
	DOI = {10.1126/science.1675487},
	Year = {1991}}
	
@article{prusiner1998,
	Author = {Prusiner, Stanley B},
	Date-Added = {2019-02-11 07:42:43 -0800},
	Date-Modified = {2019-02-11 07:42:47 -0800},
	Journal = {Proceedings of the National Academy of Sciences},
	Number = {23},
	Pages = {13363--13383},
	Publisher = {National Acad Sciences},
	Title = {Prions},
	Volume = {95},
	Year = {1998}}
	
@article{walker2015neurodegenerative,
	Author = {Walker, Lary C and Jucker, Mathias},
	Date-Added = {2018-01-11 15:45:37 +0000},
	Date-Modified = {2018-01-11 15:45:45 +0000},
	Journal = {Annual review of neuroscience},
	Keywords = {Brain},
	Pages = {87--103},
	Publisher = {Annual Reviews},
	Title = {Neurodegenerative diseases: expanding the prion concept},
	Volume = {38},
	Year = {2015}}

@article{goedert2015alzheimer,
	Author = {Goedert, Michel},
	Date-Added = {2018-01-11 15:30:45 +0000},
	Date-Modified = {2018-01-11 15:30:51 +0000},
	Journal = {Science},
	Keywords = {brain},
	Number = {6248},
	Pages = {1255555},
	Publisher = {American Association for the Advancement of Science},
	Title = {Alzheimer's and Parkinson's diseases: The prion concept in relation to assembled A$\beta$, tau, and $\alpha$-synuclein},
	Volume = {349},
	Year = {2015}}
	
@article{braak1991neuropathological,
	Author = {Braak, Heiko and Braak, Eva},
	Date-Added = {2018-03-28 10:51:36 +0000},
	Date-Modified = {2018-03-28 10:51:36 +0000},
	Journal = {Acta neuropathologica},
	Number = {4},
	Pages = {239--259},
	Publisher = {Springer},
	Title = {Neuropathological stageing of Alzheimer-related changes},
	Volume = {82},
	Year = {1991}}
	
@article{grothe2031,
	Author = {Grothe, Michel J. and Barthel, Henryk and Sepulcre, Jorge and Dyrba, Martin and Sabri, Osama and Teipel, Stefan J. and Alzheimer's Disease Neuroimaging Initiative},
	Date-Added = {2020-02-06 07:39:02 +0000},
	Date-Modified = {2020-02-06 07:39:02 +0000},
	Doi = {10.1212/WNL.0000000000004643},
	Journal = {Neurology},
	Number = {20},
	Pages = {2031--2038},
	Title = {In vivo staging of regional amyloid deposition},
	Volume = {89},
	Year = {2017},
	Bdsk-Url-1 = {https://doi.org/10.1212/WNL.0000000000004643}}

@article{pini2016,
	Author = {Pini, L. and Pievani, M. and Frisoni, G. et.~al},
	Journal = {Ageing Res. Rev},
	Pages = {25--48},
	Title = {Brain atrophy in Alzheimer’s Disease and aging},
	Volume = {30},
	Year = {2016}}


@article{raj2012network,
	Author = {Raj, Ashish and Kuceyeski, Amy and Weiner, Michael},
	Date-Added = {2018-08-20 14:44:18 +0100},
	Date-Modified = {2018-08-20 14:44:18 +0100},
	Journal = {Neuron},
	Number = {6},
	Pages = {1204--1215},
	Publisher = {Elsevier},
	Title = {A network diffusion model of disease progression in dementia},
	Volume = {73},
	Year = {2012}}

@article{raj2015network,
	Author = {Raj, Ashish and LoCastro, Eve and Kuceyeski, Amy and Tosun, Duygu and Relkin, Norman and Weiner, Michael and Alzheimer's Disease Neuroimaging Initiative (ADNI and others},
	Date-Added = {2018-08-20 14:43:35 +0100},
	Date-Modified = {2018-08-20 14:43:35 +0100},
	Journal = {Cell reports},
	Number = {3},
	Pages = {359--369},
	Publisher = {Elsevier},
	Title = {Network diffusion model of progression predicts longitudinal patterns of atrophy and metabolism in Alzheimer's disease},
	Volume = {10},
	Year = {2015}}
	
@article{weickenmeier2018multiphysics,
	Author = {Weickenmeier, Johannes and Kuhl, Ellen and Goriely, Alain},
	Date-Added = {2019-01-07 14:07:22 +0000},
	Date-Modified = {2019-01-07 14:07:54 +0000},
	Journal = {Phys Rev Lett},
	Number = {158101},
	Title = {The multiphysics of prion-like diseases: progression and atrophy},
	Volume = {121},
	Year = {2018}}
	
@article{fornari2020spatially,
	Author = {Fornari, S. and Sch{\"a}fer, A. and Kuhl, E. and Goriely, A.},
	Date-Added = {2020-03-14 16:30:45 +0000},
	Date-Modified = {2020-03-14 16:30:45 +0000},
	Journal = {Journal of Theoretical Biology},
	Pages = {110102},
	Publisher = {Elsevier},
	Title = {Spatially-extended nucleation-aggregation-fragmentation models 
                 for the dynamics of prion-like neurodegenerative 
                 protein-spreading in the brain and its connectome},
	Volume = {486},
	Year = {2020}
}

@article{thompson2020,
    author = {Thompson, Travis B. AND Chaggar, Pavanjit AND Kuhl, Ellen AND Goriely, Alain AND for the Alzheimer’s Disease Neuroimaging Initiative},
    journal = {PLOS Computational Biology},
    publisher = {Public Library of Science},
    title = {Protein-protein interactions in neurodegenerative diseases: A conspiracy theory},
    year = {2020},
    month = {10},
    volume = {16},
    url = {https://doi.org/10.1371/journal.pcbi.1008267},
    pages = {1-41},
    number = {10},
    doi = {10.1371/journal.pcbi.1008267}
}

@article{pandya2019predictive,
  title={Predictive model of spread of Parkinson's pathology using network diffusion},
  author={Pandya, Sneha and Zeighami, Yashar and Freeze, Benjamin and Dadar, Mahsa and Collins, D Louis and Dagher, Alain and Raj, Ashish},
  journal={NeuroImage},
  volume={192},
  pages={178--194},
  year={2019},
  publisher={Elsevier}
}

@article{pichet2020morphometric,
  title={Morphometric network differences in ageing versus Alzheimer’s disease dementia},
  author={Pichet Binette, Alexa and Gonneaud, Julie and Vogel, Jacob W and La Joie, Renaud and Rosa-Neto, Pedro and Collins, D Louis and Poirier, Judes and Breitner, John CS and Villeneuve, Sylvia and Vachon-Presseau, Etienne and others},
  journal={Brain},
  volume={143},
  number={2},
  pages={635--649},
  year={2020},
  publisher={Oxford University Press}
}

@article{iturria2014epidemic,
  title={Epidemic spreading model to characterize misfolded proteins propagation in aging and associated neurodegenerative disorders},
  author={Iturria-Medina, Yasser and Sotero, Roberto C and Toussaint, Paule J and Evans, Alan C and Alzheimer's Disease Neuroimaging Initiative and others},
  journal={PLoS Comput Biol},
  volume={10},
  number={11},
  pages={e1003956},
  year={2014},
  publisher={Public Library of Science}
}

@article{clark2011use,
  title={Use of florbetapir-PET for imaging $\beta$-amyloid pathology},
  author={Clark, Christopher M and Schneider, Julie A and Bedell, Barry J and Beach, Thomas G and Bilker, Warren B and Mintun, Mark A and Pontecorvo, Michael J and Hefti, Franz and Carpenter, Alan P and Flitter, Matthew L and others},
  journal={Jama},
  volume={305},
  number={3},
  pages={275--283},
  year={2011},
  publisher={American Medical Association}
}

@article{marquie2015validating,
  title={Validating novel tau positron emission tomography tracer [F-18]-AV-1451 (T807) on postmortem brain tissue},
  author={Marqui{\'e}, Marta and Normandin, Marc D and Vanderburg, Charles R and Costantino, Isabel M and Bien, Elizabeth A and Rycyna, Lisa G and Klunk, William E and Mathis, Chester A and Ikonomovic, Milos D and Debnath, Manik L and others},
  journal={Annals of neurology},
  volume={78},
  number={5},
  pages={787--800},
  year={2015},
  publisher={Wiley Online Library}
}

@article{nordberg2004pet,
  title={PET imaging of amyloid in Alzheimer's disease},
  author={Nordberg, Agneta},
  journal={The lancet neurology},
  volume={3},
  number={9},
  pages={519--527},
  year={2004},
  publisher={Elsevier}
}
@article{kadir2012dynamic,
  title={Dynamic changes in PET amyloid and FDG imaging at different stages of Alzheimer's disease},
  author={Kadir, Ahmadul and Almkvist, Ove and Forsberg, Anton and Wall, Anders and Engler, Henry and L{\aa}ngstr{\"o}m, Bengt and Nordberg, Agneta},
  journal={Neurobiology of aging},
  volume={33},
  number={1},
  pages={198--e1},
  year={2012},
  publisher={Elsevier}
}

@article{firouzian2018imaging,
  title={Imaging A$\beta$ and tau in early stage Alzheimer’s disease with [18F] AV45 and [18F] AV1451},
  author={Firouzian, Azadeh and Whittington, Alex and Searle, Graham E and Koychev, Ivan and Zamboni, Giovanna and Lovestone, Simon and Gunn, Roger N},
  journal={EJNMMI research},
  volume={8},
  number={1},
  pages={1--9},
  year={2018},
  publisher={Springer}
}

@article{mattsson2019staging,
  title={Staging $\beta$-amyloid pathology with amyloid positron emission tomography},
  author={Mattsson, Niklas and Palmqvist, Sebastian and Stomrud, Erik and Vogel, Jacob and Hansson, Oskar},
  journal={JAMA neurology},
  volume={76},
  number={11},
  pages={1319--1329},
  year={2019},
  publisher={American Medical Association}
}

@article{la2020prospective,
  title={Prospective longitudinal atrophy in Alzheimer’s disease correlates with the intensity and topography of baseline tau-PET},
  author={La Joie, Renaud and Visani, Adrienne V and Baker, Suzanne L and Brown, Jesse A and Bourakova, Viktoriya and Cha, Jungho and Chaudhary, Kiran and Edwards, Lauren and Iaccarino, Leonardo and Janabi, Mustafa and others},
  journal={Science translational medicine},
  volume={12},
  number={524},
  pages={eaau5732},
  year={2020},
  publisher={American Association for the Advancement of Science}
}

@article{schafer2022correlating,
  title={Correlating tau pathology to brain atrophy using a physics-based Bayesian model},
  author={Sch{\"a}fer, Amelie and Chaggar, Pavanjit and Goriely, Alain and Kuhl, Ellen},
  journal={Engineering with Computers},
  pages={1--11},
  year={2022},
  publisher={Springer}
}

@article{baker2019effect,
  title={Effect of off-target binding on 18F-flortaucipir variability in healthy controls across the life span},
  author={Baker, Suzanne L and Harrison, Theresa M and Maass, Anne and La Joie, Renaud and Jagust, William J},
  journal={Journal of Nuclear Medicine},
  volume={60},
  number={10},
  pages={1444--1451},
  year={2019},
  publisher={Soc Nuclear Med}
}

@article{lemoine2018tau,
  title={Tau positron emission tomography imaging in tauopathies: the added hurdle of off-target binding},
  author={Lemoine, Laetitia and Leuzy, Antoine and Chiotis, Konstantinos and Rodriguez-Vieitez, Elena and Nordberg, Agneta},
  journal={Alzheimer's \& Dementia: Diagnosis, Assessment \& Disease Monitoring},
  volume={10},
  pages={232--236},
  year={2018},
  publisher={Elsevier}
}

@article{ossenkoppele2022amyloid,
  title={Amyloid and tau PET-positive cognitively unimpaired individuals are at high risk for future cognitive decline},
  author={Ossenkoppele, Rik and Pichet Binette, Alexa and Groot, Colin and Smith, Ruben and Strandberg, Olof and Palmqvist, Sebastian and Stomrud, Erik and Tideman, Pontus and Ohlsson, Tomas and J{\"o}gi, Jonas and others},
  journal={Nature Medicine},
  pages={1--7},
  year={2022},
  publisher={Nature Publishing Group}
}
}

@article{choi2018off,
  title={Off-target 18F-AV-1451 binding in the basal ganglia correlates with age-related iron accumulation},
  author={Choi, Jae Yong and Cho, Hanna and Ahn, Sung Jun and Lee, Jae Hoon and Ryu, Young Hoon and Lee, Myung Sik and Lyoo, Chul Hyoung},
  journal={Journal of Nuclear Medicine},
  volume={59},
  number={1},
  pages={117--120},
  year={2018},
  publisher={Soc Nuclear Med}
}

@article{leuzy2020diagnostic,
  title={Diagnostic performance of RO948 F 18 tau positron emission tomography in the differentiation of Alzheimer disease from other neurodegenerative disorders},
  author={Leuzy, Antoine and Smith, Ruben and Ossenkoppele, Rik and Santillo, Alexander and Borroni, Edilio and Klein, Gregory and Ohlsson, Tomas and J{\"o}gi, Jonas and Palmqvist, Sebastian and Mattsson-Carlgren, Niklas and others},
  journal={JAMA neurology},
  volume={77},
  number={8},
  pages={955--965},
  year={2020},
  publisher={American Medical Association}
}

@article{smith2020head,
  title={Head-to-head comparison of tau positron emission tomography tracers [18F] flortaucipir and [18F] RO948},
  author={Smith, Ruben and Sch{\"o}ll, Michael and Leuzy, Antoine and J{\"o}gi, Jonas and Ohlsson, Tomas and Strandberg, Olof and Hansson, Oskar},
  journal={European journal of nuclear medicine and molecular imaging},
  volume={47},
  number={2},
  pages={342--354},
  year={2020},
  publisher={Springer}
}

@article{xia201318f,
  title={[18F] T807, a novel tau positron emission tomography imaging agent for Alzheimer's disease},
  author={Xia, Chun-Fang and Arteaga, Janna and Chen, Gang and Gangadharmath, Umesh and Gomez, Luis F and Kasi, Dhanalakshmi and Lam, Chung and Liang, Qianwa and Liu, Changhui and Mocharla, Vani P and others},
  journal={Alzheimer's \& Dementia},
  volume={9},
  number={6},
  pages={666--676},
  year={2013},
  publisher={Elsevier}
}

@article{honer2018preclinical,
  title={Preclinical evaluation of 18F-RO6958948, 11C-RO6931643, and 11C-RO6924963 as novel PET radiotracers for imaging tau aggregates in Alzheimer disease},
  author={Honer, Michael and Gobbi, Luca and Knust, Henner and Kuwabara, Hiroto and Muri, Dieter and Koerner, Matthias and Valentine, Heather and Dannals, Robert F and Wong, Dean F and Borroni, Edilio},
  journal={Journal of Nuclear Medicine},
  volume={59},
  number={4},
  pages={675--681},
  year={2018},
  publisher={Soc Nuclear Med}
}

@article{kuwabara2018evaluation,
  title={Evaluation of 18F-RO-948 PET for quantitative assessment of tau accumulation in the human brain},
  author={Kuwabara, Hiroto and Comley, Robert A and Borroni, Edilio and Honer, Michael and Kitmiller, Kelly and Roberts, Joshua and Gapasin, Lorena and Mathur, Anil and Klein, Gregory and Wong, Dean F},
  journal={Journal of Nuclear Medicine},
  volume={59},
  number={12},
  pages={1877--1884},
  year={2018},
  publisher={Soc Nuclear Med}
}

@article{wong2018characterization,
  title={Characterization of 3 novel tau radiopharmaceuticals, 11C-RO-963, 11C-RO-643, and 18F-RO-948, in healthy controls and in Alzheimer subjects},
  author={Wong, Dean F and Comley, Robert A and Kuwabara, Hiroto and Rosenberg, Paul B and Resnick, Susan M and Ostrowitzki, Susanne and Vozzi, Cristina and Boess, Frank and Oh, Esther and Lyketsos, Constantine G and others},
  journal={Journal of Nuclear Medicine},
  volume={59},
  number={12},
  pages={1869--1876},
  year={2018},
  publisher={Soc Nuclear Med}
}

@article{gelman2014understanding,
  title={Understanding predictive information criteria for Bayesian models},
  author={Gelman, Andrew and Hwang, Jessica and Vehtari, Aki},
  journal={Statistics and computing},
  volume={24},
  number={6},
  pages={997--1016},
  year={2014},
  publisher={Springer}
}

@article{liu2012trans,
  title={Trans-synaptic spread of tau pathology in vivo},
  author={Liu, Li and Drouet, Valerie and Wu, Jessica W and Witter, Menno P and Small, Scott A and Clelland, Catherine and Duff, Karen},
  journal={PloS one},
  volume={7},
  number={2},
  pages={e31302},
  year={2012},
  publisher={Public Library of Science San Francisco, USA}
}

@article{sarwar2019mapping,
  title={Mapping connectomes with diffusion MRI: deterministic or probabilistic tractography?},
  author={Sarwar, Tabinda and Ramamohanarao, Kotagiri and Zalesky, Andrew},
  journal={Magnetic resonance in medicine},
  volume={81},
  number={2},
  pages={1368--1384},
  year={2019},
  publisher={Wiley Online Library}
}

@article{meisl2021vivo,
  title={In vivo rate-determining steps of tau seed accumulation in Alzheimer’s disease},
  author={Meisl, Georg and Hidari, Eric and Allinson, Kieren and Rittman, Timothy and DeVos, Sarah L and Sanchez, Justin S and Xu, Catherine K and Duff, Karen E and Johnson, Keith A and Rowe, James B and others},
  journal={Science advances},
  volume={7},
  number={44},
  pages={eabh1448},
  year={2021},
  publisher={American Association for the Advancement of Science}
}

@article{vogel2021four,
  title={Four distinct trajectories of tau deposition identified in Alzheimer’s disease},
  author={Vogel, Jacob W and Young, Alexandra L and Oxtoby, Neil P and Smith, Ruben and Ossenkoppele, Rik and Strandberg, Olof T and La Joie, Renaud and Aksman, Leon M and Grothe, Michel J and Iturria-Medina, Yasser and others},
  journal={Nature medicine},
  volume={27},
  number={5},
  pages={871--881},
  year={2021},
  publisher={Nature Publishing Group}
}

@article{biel2021tau,
  title={Tau-PET and in vivo Braak-staging as prognostic markers of future cognitive decline in cognitively normal to demented individuals},
  author={Biel, Davina and Brendel, Matthias and Rubinski, Anna and Buerger, Katharina and Janowitz, Daniel and Dichgans, Martin and Franzmeier, Nicolai},
  journal={Alzheimer's research \& therapy},
  volume={13},
  number={1},
  pages={1--13},
  year={2021},
  publisher={Springer}
}

@article{kevrekidis2020anisotropic,
  title={Anisotropic diffusion and traveling waves of toxic proteins in neurodegenerative diseases},
  author={Kevrekidis, PG and Thompson, Travis B and Goriely, Alain},
  journal={Physics Letters A},
  volume={384},
  number={36},
  pages={126935},
  year={2020},
  publisher={Elsevier}
}

@article{corder1993gene,
  title={Gene dose of apolipoprotein E type 4 allele and the risk of Alzheimer's disease in late onset families},
  author={Corder, Elizabeth H and Saunders, Ann M and Strittmatter, Waren J and Schmechel, Donald E and Gaskell, P Craig and Small, GWet and Roses, AD and Haines, JL and Pericak-Vance, Margaret A},
  journal={Science},
  volume={261},
  number={5123},
  pages={921--923},
  year={1993},
  publisher={American Association for the Advancement of Science}
}

@article{lambert2013meta,
  title={Meta-analysis of 74,046 individuals identifies 11 new susceptibility loci for Alzheimer's disease},
  author={Lambert, Jean-Charles and Ibrahim-Verbaas, Carla A and Harold, Denise and Naj, Adam C and Sims, Rebecca and Bellenguez, C{\'e}line and Jun, Gyungah and DeStefano, Anita L and Bis, Joshua C and Beecham, Gary W and others},
  journal={Nature genetics},
  volume={45},
  number={12},
  pages={1452--1458},
  year={2013},
  publisher={Nature Publishing Group}
}

@article{liu2017apoe4,
  title={ApoE4 accelerates early seeding of amyloid pathology},
  author={Liu, Chia-Chen and Zhao, Na and Fu, Yuan and Wang, Na and Linares, Cynthia and Tsai, Chih-Wei and Bu, Guojun},
  journal={Neuron},
  volume={96},
  number={5},
  pages={1024--1032},
  year={2017},
  publisher={Elsevier}
}

@article{shi2017apoe4,
  title={ApoE4 markedly exacerbates tau-mediated neurodegeneration in a mouse model of tauopathy},
  author={Shi, Yang and Yamada, Kaoru and Liddelow, Shane Antony and Smith, Scott T and Zhao, Lingzhi and Luo, Wenjie and Tsai, Richard M and Spina, Salvatore and Grinberg, Lea T and Rojas, Julio C and others},
  journal={Nature},
  volume={549},
  number={7673},
  pages={523--527},
  year={2017},
  publisher={Nature Publishing Group}
}

@article{hunsberger2019role,
  title={The role of APOE4 in Alzheimer’s disease: strategies for future therapeutic interventions},
  author={Hunsberger, Holly C and Pinky, Priyanka D and Smith, Warren and Suppiramaniam, Vishnu and Reed, Miranda N},
  journal={Neuronal signaling},
  volume={3},
  number={2},
  year={2019},
  publisher={Portland Press}
}

@article{kanekiyo2014apoe,
  title={ApoE and A$\beta$ in Alzheimer’s disease: accidental encounters or partners?},
  author={Kanekiyo, Takahisa and Xu, Huaxi and Bu, Guojun},
  journal={Neuron},
  volume={81},
  number={4},
  pages={740--754},
  year={2014},
  publisher={Elsevier}
}

@article{blanchard2022apoe4,
  title={APOE4 impairs myelination via cholesterol dysregulation in oligodendrocytes},
  author={Blanchard, Joel W and Akay, Leyla Anne and Davila-Velderrain, Jose and von Maydell, Djuna and Mathys, Hansruedi and Davidson, Shawn M and Effenberger, Audrey and Chen, Chih-Yu and Maner-Smith, Kristal and Hajjar, Ihab and others},
  journal={Nature},
  pages={1--11},
  year={2022},
  publisher={Nature Publishing Group}
}